@misc{Disciplina,
  title={Site da Disciplina},
  howpublished={\url{https://www.cin.ufpe.br/~IF866/index.html}},
}

@misc{SharePET,
  title={SharePET Criatividade Computacional},
  howpublished={\url{https://portal.cin.ufpe.br/2021/11/08/sharepet-recebe-o-professor-filipe-calegario-em-debate-sobre-criatividade-computacional/}},
}

@misc{Imagem,
title={Ferramenta para criar Arte},
howpublished={\url{https://portal-assets.icnetworks.org/uploads/picture/file/79667/resized_prot_C3_B3tipo-do-aplicativo-de-m_C3_BAsica-criado-por-Filipe.jpg}},
}

@misc{IF760 ,
  title={Tópicos Avançados em Mídias e Interação},
  howpublished={\urlhttps://www.cin.ufpe.br/~if760/}},
}

@misc{IF702,
  title={Redes Neurais},
  howpublished={\url{https://www.cin.ufpe.br/~gcv/web_lci/intro.html}},
}

@misc{IF755,
  title={Realidade aumentada},
  howpublished={\url{https://www.cin.ufpe.br/~if755/}},
}
